@article{NumPy_Article,
  doi       = {10.1038/s41586-020-2649-2},
  url       = {https://doi.org/10.1038/s41586-020-2649-2},
  year      = {2020},
  month     = sep,
  publisher = {Springer Science and Business Media {LLC}},
  volume    = {585},
  number    = {7825},
  pages     = {357--362},
  author    = {Charles R. Harris and K. Jarrod Millman and St{\'{e}}fan J. van der Walt and Ralf Gommers and Pauli Virtanen and David Cournapeau and Eric Wieser and Julian Taylor and Sebastian Berg and Nathaniel J. Smith and Robert Kern and Matti Picus and Stephan Hoyer and Marten H. van Kerkwijk and Matthew Brett and Allan Haldane and Jaime Fern{\'{a}}ndez del R{\'{\i}}o and Mark Wiebe and Pearu Peterson and Pierre G{\'{e}}rard-Marchant and Kevin Sheppard and Tyler Reddy and Warren Weckesser and Hameer Abbasi and Christoph Gohlke and Travis E. Oliphant},
  title     = {Array programming with {NumPy}},
  journal   = {Nature}
}
@online{NumPy_Doc,
  author = {NumPy Developers},
  title = {NumPy documentation},
  year = 2022,
  url = {https://numpy.org/doc/stable/},
  urldate = {Accessed: 2023-05-12}
}
@inproceedings{Numba_Article,
  doi = {10.1145/2833157.2833162},
  url = {https://doi.org/10.1145/2833157.2833162},
  year = {2015},
  month = nov,
  publisher = {{ACM}},
  author = {Siu Kwan Lam and Antoine Pitrou and Stanley Seibert},
  title = {Numba},
  booktitle = {Proceedings of the Second Workshop on the {LLVM} Compiler Infrastructure in {HPC}}
}
@online{Numba_Doc,
  author = {Anaconda, Inc. and others},
  title = {Numba documentation},
  year = 2020,
  url = {https://numba.readthedocs.io/en/stable/user/index.html},
  urldate = {Accessed: 2023-05-12}
}
@online{CSSFinder_New,
  author = {Krzysztof Wiśniewski},
  title = {CSSFinder (Core)},
  year = 2023,
  url = {https://github.com/Argmaster/CSSFinder},
  urldate = {Accessed: 2023-05-12}
}
@online{CSSFinder_New_Numpy,
  author = {Krzysztof Wiśniewski},
  title = {CSSFinder Numpy Backend},
  year = 2023,
  url = {https://github.com/Argmaster/cssfinder_backend_numpy},
  urldate = {Accessed: 2023-05-12}
}
@online{CSSFinder_New_Rust,
  author = {Krzysztof Wiśniewski},
  title = {CSSFinder Rust Backend},
  year = 2023,
  url = {https://github.com/Argmaster/cssfinder_backend_rust},
  urldate = {Accessed: 2023-05-12}
}